@article{brooks1991intelligence,
  title={Intelligence without representation},
  author={Brooks, Rodney A},
  journal={Artificial intelligence},
  volume={47},
  number={1-3},
  pages={139--159},
  year={1991},
  publisher={Elsevier}
}

@article{russell1995artificial,
  title={Artificial intelligence: A modern approach prentice-hall},
  author={Russell, Stuart and Norvig, Peter},
  year={1995},
  volume={2},
  pages={34--59}
}

@book{wooldridge2009introduction,
  title={An introduction to multiagent systems},
  author={Wooldridge, Michael},
  year={2009},
  publisher={John Wiley \& Sons},
  note={Chapter 5.1, pages 85-92}
}